
@article{shon07,
	author = {{Shon}, Dr},
	title = "Doing stuff with chemicals",
	journal = "{Journal of Applied Organic Chemistry}",
	year = 2007,
	volume = 404,
	pages = {42}
}

@article{joshi,
	author = {{Joshi}, Mr},
	title = "Self-Assembly",
	journal = "thesis",
	year = 2010,
	volume = 1,
	pages = {1-72}
}

